<?xml version="1.0" encoding="UTF-8"?><collection xmlns="http://www.loc.gov/MARC21/slim"><record><leader>00431nam--2200157-i-4500</leader><controlfield tag="001">000040842</controlfield><controlfield tag="002">20161230</controlfield><controlfield tag="005">20170201152652</controlfield><controlfield tag="008">060222s1000------------r-----000-0-eng-d</controlfield><datafield ind1=" " ind2=" " tag="040"><subfield code="a">IFIN-HH</subfield></datafield><datafield ind1="1" ind2=" " tag="100"><subfield code="a">Schlichting, Hermann</subfield></datafield><datafield ind1="1" ind2="0" tag="245"><subfield code="a">Bonndary layer theory</subfield><subfield code="b">Translated by dr.J. Kestin</subfield><subfield code="c">Hermann Schlichting</subfield></datafield><datafield ind1=" " ind2=" " tag="260"><subfield code="a">McGraw-Hill</subfield><subfield code="b">New York,</subfield><subfield code="c">1955</subfield></datafield><datafield ind1=" " ind2=" " tag="300"><subfield code="a">XX+535P</subfield></datafield><datafield ind1=" " ind2=" " tag="852"><subfield code="a">15125</subfield><subfield code="c">532</subfield></datafield><datafield ind1=" " ind2=" " tag="CAT"><subfield code="a">SYS</subfield><subfield code="c">20170201</subfield><subfield code="h">152652</subfield></datafield></record></collection>